%%% ====================================================================
%%%  BibTeX-file{
%%%     author          = "David Rhead",
%%%     version         = "1.00",
%%%     date            = "17 Feb 1990",
%%%     time            = "17:00 GMT",
%%%     filename        = "test.bib",
%%%     address         = "Cripps Computing Centre,
%%%                        University of Nottingham,
%%%                        University Park,
%%%                        Nottingham,
%%%                        NG7 2RD,
%%%                        United Kingdom",
%%%     telephone       = "+44 602 484848 Ext 2670",
%%%     FAX             = "+44 602 588138",
%%%     checksum        = "05151 839 2908 25082",
%%%     email           = "David_Rhead at uk.ac.nott.vme (JANET)",
%%%     codetable       = "ISO/ASCII",
%%%     keywords        = "bibliography, citation, references",
%%%     supported       = "no",
%%%     docstring       = "This BibTeX database file contains entries
%%%                        designed for testing whether a BibTeX style
%%%                        file lays references out as recommended by
%%%                        certain authorities.  (Note, however, that
%%%                        the BS 1629 examples are from the 1976
%%%                        edition.  The file needs updating to use
%%%                        examples from the 1989 edition instead.)
%%%
%%%                        The checksum field above contains a CRC-16
%%%                        checksum as the first value, followed by the
%%%                        equivalent of the standard UNIX wc (word
%%%                        count) utility output of lines, words, and
%%%                        characters.  This is produced by Robert
%%%                        Solovay's checksum utility.",
%%%  }
%%% ====================================================================

@inproceedings{martin90,
  author          = {Martin, L.E.},
  title           = {Knowledge Extraction.},
  booktitle       = {Proceedings of the Twelfth Annual Conference of the Cognitive Science Society},
  optcrossref     = {},
  optkey          = {},
  optpages        = {252--262},
  optyear         = {},
  opteditor       = {},
  optvolume       = {},
  optnumber       = {},
  optseries       = {},
  optaddress      = {Hillsdale, NJ},
  optmonth        = {},
  optorganization = {},
  optpublisher    = {},
  optnote         = {},
  optannote       = {}
}

@article{kreutz-20,
  author  = {Roger J. Kreuz},
  title   = {What makes something ironic?},
  journal = {The Conversation},
  year    = {2020},
  month   = {February},
  url     = {https://theconversation.com/what-makes-something-ironic-130654}
}

@article{all-you-need,
  author  = {A. Vaswani and N. Shazeer and N. Parmar and J. Uszkoreit and L. Jones and A. N. Gomez and L. Kaiser and I. Polosukhin},
  title   = {Attention Is All You Need},
  doi     = {arXiv:1706.03762},
  url     = {https://doi.org/10.48550/arXiv.1706.03762},
  journal = {Advances in neural information processing systems},
  volume  = {30},
  year    = {2017},
  subject = {Computation and Language}
}

@article{roberta,
  author    = {Y. Liu and M. Ott and N. Goyal and J. Du and M. Joshi and D. Chen and O. Levy and M. Lewis and L. Zettlemoyer and V. Stoyanov},
  title     = {RoBERTa: A Robustly Optimized BERT Pretraining Approach},
  doi       = {arXiv:1907.11692},
  journal   = {arXiv preprint arXiv:1907.11692},
  year      = {2019},
  publisher = {arXiv},
  subject   = {Computation and Language}
}

@article{attention-interpretable,
  author    = {S. Serrano and N. A. Smith},
  title     = {Is Attention Interpretable?},
  doi       = {arXiv:1906.03731},
  year      = {2019},
  journal   = {arXiv preprint arXiv:1906.03731},
  publisher = {arXiv},
  subject   = {Computation and Language}
}

@article{quantifying-attention-flow,
  author    = {S. Abnar and W. Zuidema},
  title     = {Quantifying Attention Flow in Transformers},
  doi       = {arXiv:2005.00928},
  year      = {2020},
  publisher = {arXiv},
  journal   = {arXiv preprint arXiv:2005.00928},
  subject   = {Computation and Language}
}

@inproceedings{van-hee-etal-2018-semeval,
  title     = {{S}em{E}val-2018 Task 3: Irony Detection in {E}nglish Tweets},
  author    = {C. Van Hee  and E. Lefever  and V. Hoste},
  booktitle = {Proceedings of The 12th International Workshop on Semantic Evaluation},
  month     = jun,
  year      = {2018},
  address   = {New Orleans, Louisiana},
  publisher = {Association for Computational Linguistics},
  url       = {https://aclanthology.org/S18-1005},
  doi       = {10.18653/v1/S18-1005},
  pages     = {39--50}
}